<record><leader>00000cas a22000007a 4500</leader><controlfield tag="001">19226796</controlfield><controlfield tag="008">890216d19681972pauwr ne      0    0eng d</controlfield><datafield ind1=" " ind2=" " tag="010"><subfield code="a">sn 89077604 </subfield></datafield><datafield ind1=" " ind2=" " tag="040"><subfield code="a">NPH</subfield><subfield code="b">eng</subfield><subfield code="c">NPH</subfield><subfield code="d">OCLCQ</subfield></datafield><datafield ind1=" " ind2=" " tag="042"><subfield code="a">msc</subfield></datafield><datafield ind1="0" ind2=" " tag="130"><subfield code="a">Allied news (Grove City, Pa. : Lakeview breeze ed.)</subfield></datafield><datafield ind1="1" ind2="0" tag="245"><subfield code="a">Allied news.</subfield></datafield><datafield ind1=" " ind2=" " tag="250"><subfield code="a">Lakeview breeze ed.</subfield></datafield><datafield ind1=" " ind2=" " tag="260"><subfield code="a">Grove City, Pa. :</subfield><subfield code="b">Allied Newspapers,</subfield><subfield code="c">1968-1972.</subfield></datafield><datafield ind1=" " ind2=" " tag="300"><subfield code="a">v. :</subfield><subfield code="b">ill. ;</subfield><subfield code="c">60 cm.</subfield></datafield><datafield ind1=" " ind2=" " tag="310"><subfield code="a">Weekly</subfield></datafield><datafield ind1="0" ind2=" " tag="362"><subfield code="a">90th yr., no. 15 (Apr. 10, 1968)-94th yr., no. 10 (Mar. 7, 1972).</subfield></datafield><datafield ind1=" " ind2=" " tag="500"><subfield code="a">Numerous area eds.</subfield></datafield><datafield ind1=" " ind2=" " tag="580"><subfield code="a">Merged with : Allied news (Grove City, Pa. : Mercer dispatch ed.,), and : Allied news (Grove City, Pa. : Slippery Rock signal ed.), and : Allied news (Grove City, Pa. : Grove City reporter-herald ed.), to form : Allied news.</subfield></datafield><datafield ind1=" " ind2=" " tag="752"><subfield code="a">United States</subfield><subfield code="b">Pennsylvania</subfield><subfield code="c">Mercer</subfield><subfield code="d">Grove City.</subfield></datafield><datafield ind1="0" ind2="0" tag="780"><subfield code="t">Allied news the lakeview breeze</subfield><subfield code="w">(DLC)sn 89077605</subfield></datafield><datafield ind1="1" ind2="7" tag="785"><subfield code="t">Allied news (Grove City, Pa. : Mercer dispatch ed.)</subfield><subfield code="w">(DLC)sn 89077608</subfield></datafield><datafield ind1="1" ind2="7" tag="785"><subfield code="t">Allied news (Grove City, Pa. : Grove City reporter-herald ed.)</subfield><subfield code="w">(DLC)sn 89077596</subfield></datafield><datafield ind1="1" ind2="7" tag="785"><subfield code="t">Allied news (Grove City, Pa. : Slippery Rock signal ed.)</subfield><subfield code="w">(DLC)sn 89077065</subfield></datafield><datafield ind1="0" ind2="0" tag="785"><subfield code="t">Allied news</subfield><subfield code="w">(DLC)sn 89077596</subfield></datafield></record>